@misc{1,
   title = "The Rust Programming Language",
   howpublished = "https://doc.rust-lang.org/book/"
}

@misc{2,
   title = "Rust By Example",
   howpublished = "https://doc.rust-lang.org/stable/rust-by-example/"
}

@misc{3,
   title = "The Cargo Book",
   howpublished = "https://doc.rust-lang.org/cargo/"
}

@misc{4,
   title = "The rustc book",
   howpublished = "https://doc.rust-lang.org/rustc/index.html"
}

@misc{5,
   title = "Rust and WebAssembly",
   howpublished = "https://rustwasm.github.io/book/"
}

@book{6,
   author = "Kernighan, Brian W. and Ritchie, Dennis M.",
   title = "Programmieren in C",
   publisher = "Carl Hanser Verlag GmbH \& Co. KG",
   year = 1990,
   edition = 2
}

@book{7,
   author = "Stroustrup, Bjarne",
   title = "Die C++-Programmiersprache",
   publisher = "Carl Hanser Verlag GmbH \& Co. KG",
   year = 2015
}
